@misc{matan,
 title={Гурьянова, К.Н. Математический анализ. Екатеринбург: Изд-во Урал. ун-та, 2014. – 330 с.},
 url={https://elar.urfu.ru/bitstream/10995/28697/1/978-5-7996-1340-2_2014.pdf?ysclid=l8khklhbpr162974954}
}

@misc{headhunter,
 title={HeadHunter: официальный сайт.},
 url={https://spb.hh.ru}
}